

@article{rumelhart,
	title={Learning representations by back-propagating errors},
	author={Rumelhart, D.E., Hinton, G.E., Williams, R.J.},
	journal={Nature, 323(6088), 533â€“536}
}


@book{evolutionary_analysis,
	title={Evolutionary	Analysis},
	author={Jon Herron. Scott Freeman},
	year={2014}
}